@book{taurion2009cloud,
  title={Cloud computing-computa{\c{c}}{\~a}o em nuvem},
  author={Taurion, Cezar},
  year={2009},
  pages={2},
  publisher={Brasport}
}

@article{rashid2019cloud,
  title={Cloud computing characteristics and services: a brief review},
  author={Rashid, Aaqib and Chaturvedi, Amit},
  journal={International Journal of Computer Sciences and Engineering},
  volume={7},
  number={2},
  pages={421--426},
  year={2019}
}

@article{pedrosa2011computaccao,
  title={Computa{\c{c}}{\~a}o em nuvem},
  author={Pedrosa, Paulo HC and Nogueira, Tiago},
  journal={Acesso em},
  volume={6},
  year={2011}
}

@article{crawford1984art,
  title={The art of computer game design},
  author={Crawford, Chris and others},
  year={1984},
  publisher={Osborne/McGraw-Hill Berkeley, CA}
}

